@preamble{ %"\newcommand{\noopsort}[1]{} "
	# "\newcommand{\printfirst}[2]{#1} "
	# "\newcommand{\singleletter}[1]{#1} "
	# "\newcommand{\switchargs}[2]{#2#1} " }

@misc {davenport,
	author = "Davenport, Kelsey",
	title  = "Chronology of U.S.-North Korean Nuclear and Missile Diplomacy",
	month  = "May",
	year   = "2015",
	OPTurl    = "http://www.armscontrol.org/factsheets/dprkchron"
},
@MISC {6pt,
	author       = "Liang, Xiaodong",
	title        = "The Six-Party Talks at a Glance",
	howpublished = "Online", 
	month        = "May",
	year         = "2012",
	OPTurl       = "at https://www.armscontrol.org/factsheets/6partytalks",
},
@MISC {js4,
	title        = "Joint Statement of the Fourth Round of the Six-Party Talks",
	howpublished = "Released by Chinese Ministry of Foreign Affairs",
	month        = "sep",
	year         = "2005",
	OPTurl       = "http://www.nti.org/media/pdfs/3a_1.pdf?_=1316627913\&_=1316627913",
},
@MISC {js5,
	author = "Delegates to the Six-Party Talks",
	title        = "Initial Actions for the Implementation of the Joint Statement",
	howpublished = "Released by Chinese Ministry of Foreign Affairs",
	month        = "February",
	year         = "2007",
	OPTurl     = "http://www.nti.org/media/pdfs/Initial_Actions_for_the_Implementation_of_the_Joint_Statement.pdf?_=1322866091"
},
@MISC {js6,
	author = "Delegates to the Six-Party Talks",
	title        = "Second-Phase Actions for theImplementation of the Joint Statement",
	howpublished = "Released by Chinese Ministry of Foreign Affairs",
	month        = "October",
	year         = "2007",
	OPTurl        = "http://www.nti.org/media/pdfs/Second-Phase_Actions_for_theImplementation_of_the_Joint_Statement.pdf?_=1323208444"
},
@misc {iaea09,
	author = "IAEA",
	title  = "Fact Sheet on DPRK Nuclear Safeguards",
	month  = "April",
	year   = "2009",
	OPTurl    = "https://www.iaea.org/newscenter/focus/dprk/fact-sheet-on-dprk-nuclear-safeguards"
},
@misc{ iaea92,
	author = "IAEA",
	title = "Agreement of 30 January 1992 Between the Government of the Democratic People’s Republic of Korea and the International Atomic Energy Agency for the Application of Safeguards in Connection with the Treaty on the Nonproliferation of Nuclear Weapons",
	month = "May",
	year = "1992",
	OPTnotes = "IAEA information circular",
},
@misc{iaea94,
	author = "IAEA",
	title = "Resolution Adopted by the Board on the Implementation of the Agreement Between the Agency and the Democratic People’s Republic of Korea for the Application of Safeguards in Connection with the Treaty on the Non-Proliferation of Nuclear Weapons",
	month = "June",
	year = "1994",
	OPTnotes = "IAEA information circular",
},
@misc{iaea03,
	author = "IAEA",
	title = "IAEA Board of Governors Adopts Resolution on Safeguards in North Korea",
	month = "January",
	year = "2003",
},
@MISC {nti15,
	author = "NTI",
	title  = "Country Profiles: North Korea, Nuclear",
	month  = "October",
	year   = "2015",
	OPTurl    = "http://www.nti.org/country-profiles/north-korea/nuclear/"
},

@MISC {ntiYongbyon,
	author = "NTI",
	title  = "Yongbyon 5MWe Reactor",
	month  = "March",
	year   = "2014",
	OPTurl    = "http://www.nti.org/facilities/766/"
},
@MISC {ntiYongbyon2,
	author = "NTI",
	title  = "Yongbyon 50MWe Nuclear Reactor",
	month  = "June",
	year   = "2012",
	OPTurl    = "http://www.nti.org/facilities/727/"
},
@MISC {ntiAERI,
	author = "NTI",
	title = "Atomic Energy Research Institute",
	month = "June",
	year = "2012",
	OPTurl = "http://www.nti.org/facilities/776/"
},
@misc{unsc06,
	author = "UNSC",
	title = "Security Council Condemns Democratic People’s Republic of Korea’s Missile Launches, Unanimously Adopting Resolution 1695",
	month = "July",
	year = "2006",
},
@misc{unsc1718,
	author = "UNSC",
	title = "Resolution 1718",
	month = "October",
	year = "2006",
},
@misc{unsc09,
	author = "UNSC",
	title = "Security Council Condemns Launch by Democratic People’s Republic of Korea, Agrees to Adjust Travel Ban, Assets Freeze, Arms Embargo Imposed in 2006",
	month = "April",
	year = "2009",
},
@misc{unsc09p,
	author = "UNSC",
	title = "Statement by the President of the Security Council",
	month = "April",
	year = "2009",
},
@misc{unsc09j,
	author = "UNSC",
	title = "Security Council, Acting Unanimously, Condemns in Strongest Terms Democratic People’s Republic of Korea Nuclear Test, Toughens Sanctions",
	month = "June",
	year = "2009",
},
@misc{unsc12,
	author = "UNSC",
	title = "Security Council Condemns Democratic People’s Republic of Korea’s Satellite Launch as Breach of Resolutions Barring Country’s Use of Ballistic Missile Technology",
	month = "April",
	year = "2012",
},
@misc{unsc13,
	author = "UNSC",
	title = "Security Council Condemns Use of Ballistic Missile Technology in Launch by Democratic People’s Republic of Korea, in Resolution 2087",
	month = "January",
	year = "2013",
},
@misc{unsc13m,
	author = "UNSC",
	title = "Security Council Strengthens Sanctions on Democratic People’s Republic of Korea, in Response to 12 February Nuclear Test",
	month = "March",
	year = "2013",
},
@MISC {npt,
	author       = "United Nations Office for Disarmament Affairs",
	title        = "Treaty on the Non-Proliferation of Nuclear Weapons",
	howpublished = "Opened for signature at London, Moscow and Washington: 1 July 1968. Entered into force: 5 March 1970",
	month        = "July",
	year         = "1968",
	OPTurl       = "http://disarmament.un.org/treaties/t/npt"
},
@ARTICLE {snyder,
	author  = "Snyder, Scott",
	title   = "Lee Myung-bak's foreign policy: a 250-day assessment",
	journal = "Korean Journal of Defense Analysis",
	year    = "2009",
	volume  = "21",
	number  = "1",
	pages   = "85-102",
	month   = "March"
},
@article{snyder2,
	author = "Snyder, Scott",
	title = "US Policy Toward North Korea",
	journal = "SERI Quarterly",
	year = "2013",
	month = "January",
	pages = "99-104",
	OPTurl = "http://search.proquest.com.libproxy.mit.edu/docview/1287035511/fulltextPDF/9C805DF0406F4D1DPQ/1?accountid=12492",
},
@article{delury,
	author = "Delury, John",
	title = "The Disappointments of Disengagement: Assessing Obama’s North Korea Policy",
	journal = "Asian Perspective",
	year = "2013",
	month = "April",
	volume = "37",
	number = "2",
	pages = "149-182",
	OPTurl = "http://search.proquest.com/docview/1365271278/fulltextPDF/40E3A2591EA2409CPQ/1?accountid=12492",
},
@ARTICLE {panda,
	author  = "Panda, Ankit",
	title   = "US and North Korea: Talking About Talks",
	journal = "The Diplomat",
	year    = "2015",
	month   = "February",
	OPTurl    = "http://thediplomat.com/2015/02/us-and-north-korea-talking-about-talks/"
},
@ARTICLE {pennington,
	author = "Pennington, Matthew",
	title = "Obama open to N. Korea talks",
	journal = "Boston Globe",
	year = "2015",
	month = "October",
	OPTurl = "https://www.bostonglobe.com/news/nation/2015/10/16/obama-north-korea-serious-denuclearization-talk/VguTS4xFURcEDAAKQxrKZN/story.html"
},
@MISC {agreed,
	title        = "Agreed Framework Between The United States of America And The Democratic People's Republic of Korea",
	howpublished = "signed in Geneva, 21 October 1994",
	month        = "October",
	year         = "1994",
	OPTurl       = "https://www.armscontrol.org/documents/af"
},
@MISC {kerry,
	title        = "Kerry: A nuclear-armed North Korea is 'unacceptable'",
	howpublished = "Associated Press via CBS News",
	month        = "April",
	year         = "2013",
	OPTurl       = "http://www.cbsnews.com/news/kerry-a-nuclear-armed-north-korea-is-unacceptable/"
},
@MISC {orfall,
	author       = "Orfall, Kevin and Kampani, Gaurav and Dutra, Michael",
	title        = "North Korea's Ballistic Missile Program",
	howpublished = "Online",
	year         = "1998",
	OPTurl 		 = "http://cns.miis.edu/archive/country_north_korea/factsht.htm",
},
@article{park6pt,
	author = "Park, John S.",
	title = "Inside Multilateralism: The Six-Party Talks",
	journal = "The Washington Quarterly",
	year = "2005",
	volume = "28",
	number = "4",
	pages = "75-91",
	OPTurl = "http://isites.harvard.edu/fs/docs/icb.topic199080.files/Readings_for_November_6_/Park.pdf",
},
@ARTICLE {habib,
	author  = "Habib, Benjamin",
	title   = "North Korea's nuclear weapons programme and the maintenance of the Songun system",
	journal = "Pacific Review",
	year    = "2011",
	volume  = "24",
	number  = "1",
	pages   = "43-64",
	OPTurl    = "http://www.tandfonline.com/doi/abs/10.1080/09512748.2011.554992"
},
@INBOOK {jun,
	author    = "Jun, Bong-Geun",
	title     = "Assessment of the Nuclear Programs of Iran and North Korea",
	chapter   = "Cyclical Patterns of North Korean Nuclear Crises and Solutions: A South Korean Perspective",
	publisher = "Springer Netherlands",
	year      = "2013",
	OPTurl     = "http://link.springer.com/chapter/10.1007/978-94-007-6019-6_4"
},
@article {cnn99,
	author = "McIntyre, Jamie",
	title = "Washington was on brink of war with North Korea 5 years ago",
	month = "October",
	year = "1999",
	publisher = "CNN",
	OPTurl = "http://www.cnn.com/US/9910/04/korea.brink/",
},
@MISC {kcna,
	author       = "{Korean Central News Agency}",
	title        = "Objective Assessment of Validity of {DPRK's} Access to Nuclear Weapons: {KCNA} Commentary",
	howpublished = "Online",
	month        = "October",
	year         = "2015",
	OPTurl 		 =  "at www.kcna.kp",
},
@MISC {kcna2,
	author       = "{Korean Central News Agency}",
	title        = "{DPRK} Foreign Ministry Spokesman Refutes Senior {U.S.} Diplomat's Remarks on Dialogue with {DPRK}",
	howpublished = "online",
	month        = "February",
	year         = "2015"
},
@misc {kcna3,
	author = "{Korean Central News Agency}",
	title = "Spokesman for {DPRK FM on DPRK} visit of special envoy of {US} President",
	howpublished = "online",
	month = "October",
	year = "2002",
},
@misc{kcna4,
	author = "{Korean Central News Agency}",
	title = "Statement of DPRK Government on its withdrawal from NPT",
	month = "January",
	year = "2003",
},
@misc{kcna5,
	author = "{Korean Central News Agency}",
	title = "DPRK Foreign Ministry Refutes ‘Resolution of UN Security Council’",
	month = "July",
	year = "2006",
},
@MISC {rumsfeld,
	author       = "{Commission To Assess the Ballistic Missile Threat  to the United States}",
	title        = "Executive Summary of the Report of the Commission To Assess the Ballistic Missile Threat  to the United States",
	howpublished = "Declassified report published online",
	month        = "July",
	year         = "1998",
	OPTurl       = "http://fas.org/irp/threat/missile/rumsfeld/toc.htm"
},
@MISC {parksk,
	author       = "Park, Geun-Hye",
	title        = "Statement by President Park Geun-Hye at the Third Nuclear Security Summit",
	howpublished = "Speech at Third Nuclear Security Summit, the Hague",
	month        = "March",
	year         = "2014",
	OPTurl       = "http://www.korea.net/Government/Briefing-Room/Presidential-Speeches/view?articleId=118516"
}

@BOOK {kedohist,
	author    = "Kartman, Charles; Robert Carlin; Joel Wit",
	title     = "A History of KEDO 1994-2006",
	publisher = "Stanford University Center for International Security and Cooperation",
	year      = "2012",
	month     = "June",
	OPTurl     = "http://cisac.fsi.stanford.edu/sites/default/files/A_History_of_KEDO-1.pdf"
}
@MISC {unApr12,
	author       = "{United Nations Security Council}",
	title        = "Security Council Condemns Democratic People’s Republic of Korea’s Satellite Launch as Breach of Resolutions Barring Country’s Use of Ballistic Missile Technology",
	howpublished = "Security Council meeting coverage published on {UN} website",
	month        = "April",
	year         = "2012",
	OPTurl         = "http://www.un.org/press/en/2012/sc10610.doc.htm"
},
@ARTICLE {38north,
	author  = "Wit, Joel S. and Sun Young Ahn",
	title   = "North Korea’s Nuclear Futures: Technology and Strategy",
	journal = "North Korea's Nuclear Future Series, US-Korea Institute at SAIS",
	year    = "2015",
	OPTurl    = "http://38north.org/wp-content/uploads/2015/02/NKNF-NK-Nuclear-Futures-Wit-0215.pdf"
},
@ARTICLE {usatoday,
	author  = "MacLeod, Calum",
	title   = "North Korea expands nuclear arsenal, Chinese experts say",
	journal = "USA Today",
	year    = "2015",
	month   = "April",
	OPTurl    = "http://www.usatoday.com/story/news/2015/04/23/north-korea-nuclear-weapons-increased-estimate/26226981/"
},
@ARTICLE {pincus,
	author  = "Walter Pincus",
	title   = "N. {Korean} Nuclear Conflict Has Deep Roots",
	journal = "The Washington Post",
	year    = "2006",
	month   = "October",
	OPTurl    = "http://www.washingtonpost.com/wp-dyn/content/article/2006/10/14/AR2006101401068.html"
},
@misc {bajoria,
	author = "Jayshree Bajoria and Beina Xu",
	title  = "The Six Party Talks on {North Korea's} Nuclear Program",
	month  = "September",
	year   = "2013",
	OPTurl = "http://www.cfr.org/proliferation/six-party-talks-north-koreas-nuclear-program/p13593"
},
@MISC {hecker,
	author       = "Siegfried S. Hecker",
	title        = "A Return Trip to {North Korea’s Yongbyon} Nuclear Complex",
	howpublished = "Online, for the Center for International Security and Cooperation at Stanford University",
	month        = "November",
	year         = "2010",
	OPTurl       = "http://iis-db.stanford.edu/pubs/23035/HeckerYongbyon.pdf"
},
@ARTICLE {hecker2,
	author = "Siegfried S. Hecker",
	title = "Lessons learned from the North Korean nuclear crises",
	journal = "Daedalus",
	month = "Winter",
	year = "2010",
	volume = "139",
	number = "1",
	pages = "44-56",
	OPTurl = "http://www.mitpressjournals.org/doi/pdf/10.1162/daed.2010.139.1.44",
},
@ARTICLE {lee,
	author  = "Lee Haye-ah",
	title   = "{N. Korea can't have both peace treaty, nuclear weapons: ex-U.S. nuclear envoy}",
	journal = "Yonhap News Agency",
	year    = "2015",
	month   = "October",
	OPTurl  = "http://english.yonhapnews.co.kr/national/2015/10/22/0301000000AEN20151022007700315.html"
},
@MISC {blair,
	author       = "Dennis Blair",
	title        = "{State of the Union with Candy Crowley}",
	howpublished = "CNN Interview",
	month        = "December",
	year         = "2010",
	OPTurl       = "http://transcripts.cnn.com/TRANSCRIPTS/1012/12/sotu.01.html"
},
@MISC {cfr,
	title        = "Breaking the Cycle of North Korean Provocations",
	howpublished = "Hearing before the {US Senate Committee on Foreign Relations}",
	month        = "March",
	year         = "2011",
	OPTurl       = "http://www.gpo.gov/fdsys/pkg/CHRG-112shrg68240/pdf/CHRG-112shrg68240.pdf"
},
@MISC {fisher,
	author       = "Max Fisher",
	title        = "The five stages of {North Korean} provocation",
	howpublished = "Online",
	month        = "January",
	year         = "2013",
	OPTurl       = "https://www.washingtonpost.com/news/worldviews/wp/2013/01/24/the-five-stages-of-north-korean-provocation/"
},
@MISC {gause,
	author       = "Ken E. Gause",
	title        = "North {K}orea’s Provocation and Escalation Calculus: Dealing with the {K}im {J}ong-un Regime",
	howpublished = "CNA Occasional Paper",
	month        = "August",
	year         = "2015",
	OPTurl         = "https://www.cna.org/CNA_files/PDF/COP-2015-U-011060.pdf"
},
@ARTICLE {rich12,
	author  = "Rich, Timothy S.",
	title   = "Deciphering North Korea's Nuclear Rhetoric: An Automated Content Analysis of KCNA News",
	journal = "Asian Affairs: An American Review",
	year    = "2012",
	volume  = "39",
	number  = "2",
	pages   = "73-89",
	month   = "May",
	OPTurl    = "http://dx.doi.org/10.1080/00927678.2012.678128"
},
@ARTICLE {rich14,
	author  = "Rich, Timothy S.",
	title   = "Propaganda with purpose: uncovering patterns in North Korean Nuclear Coverage, 1997–2012",
	journal = "International Relations of the Asia-Pacific",
	year    = "2014",
	volume  = "14",
	number  = "3",
	pages   = "427-454",
	month   = "August",
	OPTurl   = "http://irap.oxfordjournals.org.libproxy.mit.edu/content/early/2014/08/01/irap.lcu011.full.pdf+html"
},
@misc {sin,
	author = "Sin, Steve S.",
	title = "'Till Death do Us Part: Discerning the Logic behind North Korea’s Leitmotif of Provocations",
	howpublished = "This paper prepared for 55th Annual International Studies Association Convention, Toronto",
	month = "March",
	year = "2014",
	OPTurl = "https://www.researchgate.net/profile/Steve_Sin/publication/267566159_'Till_Death_do_Us_Part_Discerning_the_Logic_behind_North_Korea's_Leitmotif_of_Provocations/links/5452689b0cf2bccc490943c1.pdf",
},
@article {bleiker,
	author = "Bleiker, Roland",
	title = "A rogue is a rogue is a rogue: US foreign policy and the Korean nuclear crisis",
	journal = "International Affairs",
	year = "2003",
	volume = "79",
	number = "4",
	pages = "719-737",
	month = "July",
	OPTurl = 
	"http://onlinelibrary.wiley.com.libproxy.mit.edu/doi/10.1111/1468-2346.00333/epdf",
},
@book {cumings,
	title = "Parallax Visions: Making Sense of American-East Asian Relations",
	author = "Cumings, Bruce",
	chapter = "Nuclear Imbalance of Terror: The American Surveillance Regime and North Korea's Nuclear Program",
	publisher = "Duke University Press",
	year = "2002",
	OPTurl = "https://books.google.com/books/about/Parallax_Visions.html?id=oKfb-RZaB_EC&printsec=frontcover&source=kp_read_button&hl=en#v=onepage&q=north%20korea&f=false",	
},
@article {smith,
	title = "Bad, mad, sad, or rational actor? Why the 'securitization' paradigm makes for poor policy analysis of north Korea",
	author = "Smith, Hazel",
	journal = "International Affairs",
	volume = "76",
	issue = "3",
	month = "December", 
	year = "2002",
	OPTurl = "http://onlinelibrary.wiley.com/doi/10.1111/1468-2346.00154/pdf_",
},
@book {sigal,
	title =	"Disarming Strangers: Nuclear Diplomacy with North Korea",
	author = "Sigal, Leon V.",
	publisher = "Princeton University Press",
	year = "1999",
	month = "July",
	OPTurl = "https://books.google.com/books?id=x9sn_SpWmiYC&dq=us+north+korea+rhetoric&lr=&source=gbs_navlinks_s",
},
@article{harnisch,
	title = "U.S.-North Korean Relations under the Bush Administration: From 'Slow Go' to 'No Go'",
	author = "Harnisch, Sebastian",
	journal = "Asian Survey",
	volume ="42",
	number ="6",
	year = "2002",
	month = "December",
	pages = "856-882",
	OPTurl = "http://www.jstor.org.libproxy.mit.edu/stable/pdf/10.1525/as.2002.42.6.856.pdf?acceptTC=true",
},
@book{cerami,
	title="Leadership and Policy Innovation--from Clinton to Bush: Countering the Proliferation of Weapons of Mass Destruction",
	author = "Cerami, Joseph R.",
	publisher = "Routledge",
	year = "2013",
	OPTurl = "https://books.google.com/books?id=2iJzl1vTlV8C&dq=north+korea+hw+bush+1991&source=gbs_navlinks_s",
},
@article{farrell,
	title = "Team Spirit: A Case Study on the Value of Military Exercises as a Show of Force in the Aftermath of Combat Operations",
	author = "Farrell, Dr. John F.",
	journal = "Air and Space Power Journal",
	month = "September",
	year = "2009",
	OPTurl = "http://www.airpower.maxwell.af.mil/airchronicles/apj/apj09/fal09/farrell.htm",
},
@misc{perry,
	title = "Review of United States Policy Towards North Korea: Findings and Recommendations",
	author = "Perry, Dr. William J.",
	year = "1999",
	month = "October",
	OPTurl = "http://nsarchive.gwu.edu/NSAEBB/NSAEBB87/nk20.pdf",
},
@misc{armitage,
	title = "A Comprehensive Approach to North Korea",
	author = "Armitage, Richard",
	year = "1999",
	month = "March",
	OPTurl = "http://nautilus.org/publications/books/dprkbb/uspolicy/dprk-briefing-book-a-comprehensive-approach-to-north-korea/",
},
@article{npreview,
	title = "Nuclear Posture Review Leaks; Outlines Targets, Contingencies",
	author = "Bleek, Philipp C.",
	journal = "Arms Control Today",
	year = "2002",
	month = "April",
	OPTurl = "http://www.armscontrol.org/act/2002_04/nprapril02",
},
@article{huntley,
	title = "U.S. Policy toward North Korea in Strategic Context: Tempting Goliath's Fate",
	author = "Huntley, Wade L.",
	journal = "Asian Survey",
	volume = "47",
	number = "3",
	year = "2007",
	month = "June",
	pages = "455-480",
	OPTurl = "http://www.jstor.org.libproxy.mit.edu/stable/pdf/10.1525/as.2007.47.3.455.pdf?acceptTC=true",	
},
@misc{nss06,
	title= "The National Security Strategy of the United States of America",
	year = "2006",
	month = "March",
	OPTurl = "https://www.comw.org/qdr/fulltext/nss2006.pdf",
},
@misc {sotu02,
	author = "Bush, George W.",
	title = "Address Before a Joint Session of the Congress on the State of the Union",
	month = "January",
	year = "2002",
	OPTurl ="http://www.presidency.ucsb.edu/ws/index.php?pid=29644",
},
@misc {obama,
	author = "Obama, Barack",
	title = "Inaugural Address",
	month = "January",
	year = "2009",
	OPTurl ="https://www.whitehouse.gov/blog/2009/01/21/president-barack-obamas-inaugural-address",
},
@misc{crs13,
	title ="North Korea: U.S. Relations, Nuclear Diplomacy, and Internal Situation",
	author = "Chanlett-Avery, Emma and Rinehart, Ian E.",
	journal = "Congressional Research Service",
	month = "January",
	year = "2013",
	OPTurl = "http://missilethreat.wpengine.netdna-cdn.com/wp-content/uploads/2013/01/R41259.pdf",
},
@article{green,
	title = "'Strategic Patience' With North Korea Gets You Nowhere",
	author = "Green, Michael",
	journal = "Foreign Policy",
	month = "January",
	year = "2016",
	OPTurl = "http://foreignpolicy.com/2016/01/07/strategic-patience-with-north-korea-gets-you-nowhere/",
},
@misc {stalin,
	title = "STatistical Analyzer of Language In North Korean Propaganda",
	month = "August",
	year = "2005",
	howpublished = "Online at nk-news.net",
	note = "Search engine and statistical tool for KCNA articles",
	OPTurl = "http://www.nk-news.net/search.php",
},
@article {hayes,
	author = "Hayes, Peter",
	title = "Supply of Light-Water Reactors to the DPRK",
	journal = "Peace and Security in Northeast Asia",
	year = "1997",
	volume = "46",
},
@article {nobacksies,
	author = "Lewis, Paul",
	title = "U.N. Told North Korea's Nuclear Record Can't Be Retrieved",
	journal = "New York Times",
	month = "June",
	year = "1994",
},
@article{perlez,
	author = "Perlez, Jane and Huang, Yufan",
	title = "A Hole in North Korean Sanctions Big Enough for Coal, Oil and Used Pianos",
	journal = "New York Times",
	month = "March",
	year = "2016",
	OPTurl = "http://www.nytimes.com/2016/04/01/world/asia/north-korea-china-sanctions-trade.html?ref=world&_r=0",
},
@article{hurriyet,
	title = "North Korea says reject UN nuclear watchdog's call",
	journal = "Hurriyet Daily News",
	month = "December",
	year = "2002",
	note = "(website containing original statement inaccessible)",
},
@article{greenlees,
	author = "Greenlees, Donald and Lague, David",
	title = "Trail Led to Macao as Focus of North Korean Corruption",
	journal = "New York Times",
	month = "April",
	year = "2007",
},
@misc{seanm,
	author = "McCormack, Sean",
	title = "Daily Press Briefing",
	month = "January",
	year = "2008",
	howpublished = "U.S. Department of State",
},
@misc{niksch,
	author = "Niksch, Larry A.",
	title = "North Korea's Nuclear Weapons Development and Diplomacy",
	month = "January",
	year = "2010",
	howpulished = "Congressional Research Service",
},
@article{glionna,
	author = "Glionna, John M.",
	title = "North Korea threatens war, berates South Korea, U.S.",
	journal = "Los Angeles Times",
	month = "May",
	year = "2009",
},
@article{branigan,
	author = "Branigan, Tania and Davies, Caroline",
	title = "South Korean naval ship sinks in disputed area after ‘explosion’.",
	journal = "The Guardian",
	month = "March",
	year = "2010",
},
@article{reuters,
	author = "Reuters",
	title = "North Korean torpedo sank Cheonan, South Korean military source claims.",
	journal = "The Guardian",
	month = "April",
	year = "2010",
},
@article{starr,
	author = "Starr, Barbara and Lah, Kyung and Bower, Eve",
	title = "U.S., South Korea begin military exercises.",
	journal = "CNN",
	month = "July",
	year = "2010",
},
@article{bbc,
	title = "North Korean artillery hits South Korean island",
	journal = "BBC",
	month = "November",
	year = "2010",
},
@article{yohnap,
	author = "Haye-ah, Lee",
	title = "N. Korea can’t have both peace treaty, nuclear weapons: ex-U.S. nuclear envoy",
	journal = "Yohnap News Agency",
	month = "October",
	year = "2015",
},
@article{beal,
	author = "Beal, Tim",
	title = "Korean Brinkmanship, American Provocation, and the Road to War: the manufacturing of a crisis",
	journal = "The Asia-Pacific Journal: Japan Focus",
	volume = "8",
	number = "30",
	month = "July",
	year = "2010",
	OPTurl = "http://apjjf.org/-Tim-Beal/3459/article.html",
},


