@MISC {kcna,
    author       = "{Korean Central News Agency}",
    title        = "Objective Assessment of Validity of {DPRK's} Access to Nuclear Weapons: {KCNA} Commentary",
    howpublished = "Online at www.kcna.kp",
    month        = "October",
    year         = "2015"
},
@ARTICLE {pincus,
    author  = "Walter Pincus",
    title   = "N. {Korean} Nuclear Conflict Has Deep Roots",
    journal = "The Washington Post",
    year    = "2006",
    month   = "October",
%    note    = "http://www.washingtonpost.com/wp-dyn/content/article/2006/10/14/AR2006101401068.html"
},
@MISC {kerry,
    title        = "Kerry: A nuclear-armed North Korea is 'unacceptable'",
    howpublished = "Associated Press via CBS News",
    month        = "apr",
    year         = "2013",
%    note         = "http://www.cbsnews.com/news/kerry-a-nuclear-armed-north-korea-is-unacceptable/"
},
@ONLINE {bajoria,
    author = "Jayshree Bajoria and Beina Xu",
    title  = "The Six Party Talks on {North Korea's} Nuclear Program",
    month  = "September",
    year   = "2013",
    url    = "http://www.cfr.org/proliferation/six-party-talks-north-koreas-nuclear-program/p13593"
},
@ONLINE {davenport,
    author = "Kelsey Davenport",
    title  = "Chronology of {U.S.-North Korean} Nuclear and Missile Diplomacy",
    month  = "May",
    year   = "2015",
    url    = "http://www.armscontrol.org/factsheets/dprkchron"
},
@MISC {hecker,
    author       = "Siegfried S. Hecker",
    title        = "A Return Trip to {North Korea’s Yongbyon} Nuclear Complex",
    howpublished = "Online, for the Center for International Security and Cooperation at Stanford University",
    month        = "November",
    year         = "2010",
%    note         = "http://iis-db.stanford.edu/pubs/23035/HeckerYongbyon.pdf"
},
@MISC {kcna2,
    author       = "{Korean Central News Agency}",
    title        = "{DPRK} Foreign Ministry Spokesman Refutes Senior {U.S.} Diplomat's Remarks on Dialogue with {DPRK}",
    howpublished = "online at www.kcna.kp",
    month        = "February",
    year         = "2015"
},
@ARTICLE {lee,
    author  = "Lee Haye-ah",
    title   = "{N. Korea can't have both peace treaty, nuclear weapons: ex-U.S. nuclear envoy}",
    journal = "Yonhap News Agency",
    year    = "2015",
    month   = "October",
%    note    = "http://english.yonhapnews.co.kr/national/2015/10/22/0301000000AEN20151022007700315.html"
},
@MISC {blair,
    author       = "Dennis Blair",
    title        = "{State of the Union with Candy Crowley}",
    howpublished = "CNN Interview",
    month        = "December",
    year         = "2010",
%    note         = "http://transcripts.cnn.com/TRANSCRIPTS/1012/12/sotu.01.html"
},
@MISC {cfr,
    title        = "Breaking the Cycle of North Korean Provocations",
    howpublished = "Hearing before the {US Senate Committee on Foreign Relations}",
    month        = "March",
    year         = "2011",
%    note         = "http://www.gpo.gov/fdsys/pkg/CHRG-112shrg68240/pdf/CHRG-112shrg68240.pdf"
},
@MISC {fisher,
    author       = "Max Fisher",
    title        = "The five stages of {North Korean} provocation",
    howpublished = "Online",
    month        = "January",
    year         = "2013",
%    note         = "https://www.washingtonpost.com/news/worldviews/wp/2013/01/24/the-five-stages-of-north-korean-provocation/"
},
@MISC {gause,
    author       = "Ken E. Gause",
    title        = "North {K}orea’s Provocation and Escalation Calculus: Dealing with the {K}im {J}ong-un Regime",
    howpublished = "CNA Occasional Paper",
    month        = "August",
    year         = "2015",
%    note         = "https://www.cna.org/CNA_files/PDF/COP-2015-U-011060.pdf"
},
@ARTICLE {habib,
    author  = "Habib, Benjamin",
    title   = "North Korea's nuclear weapons programme and the maintenance of the Songun system",
    journal = "Pacific Review",
    year    = "2011",
    volume  = "24",
    number  = "1",
    pages   = "43-64",
%    note    = "http://www.tandfonline.com/doi/abs/10.1080/09512748.2011.554992"
},
@INBOOK {jun,
    author    = "Jun, Bong-Geun",
    title     = "Assessment of the Nuclear Programs of Iran and North Korea",
    chapter   = "Cyclical Patterns of North Korean Nuclear Crises and Solutions: A South Korean Perspective",
    publisher = "Springer Netherlands",
    year      = "2013",
%    note      = "http://link.springer.com/chapter/10.1007/978-94-007-6019-6_4"
},
@ARTICLE {rich12,
    author  = "Rich, Timothy S.",
    title   = "Deciphering North Korea's Nuclear Rhetoric: An Automated Content Analysis of KCNA News",
    journal = "Asian Affairs: An American Review",
    year    = "2012",
    volume  = "39",
    number  = "2",
    pages   = "73-89",
    month   = "may",
%    note    = "http://dx.doi.org/10.1080/00927678.2012.678128"
},
@ARTICLE {rich14,
    author  = "Rich, Timothy",
    title   = "Propaganda with purpose: uncovering patterns in North Korean Nuclear Coverage, 1997–2012",
    journal = "International Relations of the Asia-Pacific",
    year    = "2014",
    volume  = "14",
    number  = "3",
    pages   = "427-454",
    month   = "aug",
%    note    = "http://irap.oxfordjournals.org.libproxy.mit.edu/content/early/2014/08/01/irap.lcu011.full.pdf+html"
},
@ONLINE {iaea09,
    author = "IAEA",
    title  = "Fact Sheet on DPRK Nuclear Safeguards",
    month  = "apr",
    year   = "2009",
    url    = "https://www.iaea.org/newscenter/focus/dprk/fact-sheet-on-dprk-nuclear-safeguards"
},
@ONLINE {nti15,
    author = "NTI",
    title  = "Country Profiles: North Korea, Nuclear",
    month  = "oct",
    year   = "2015",
    url    = "http://www.nti.org/country-profiles/north-korea/nuclear/"
}
