@ONLINE {davenport,
    author = "Davenport, Kelsey",
    title  = "Chronology of U.S.-North Korean Nuclear and Missile Diplomacy",
    month  = "may",
    year   = "2015",
    url    = "http://www.armscontrol.org/factsheets/dprkchron"
},
@ONLINE {iaea09,
    author = "IAEA",
    title  = "Fact Sheet on DPRK Nuclear Safeguards",
    month  = "apr",
    year   = "2009",
    url    = "https://www.iaea.org/newscenter/focus/dprk/fact-sheet-on-dprk-nuclear-safeguards"
},
@ONLINE {nti15,
    author = "NTI",
    title  = "Country Profiles: North Korea, Nuclear",
    month  = "oct",
    year   = "2015",
    url    = "http://www.nti.org/country-profiles/north-korea/nuclear/"
},
@ONLINE {ntiYongbyon,
    author = "NTI",
    title  = "Yongbyon 5MWe Reactor",
    month  = "mar",
    year   = "2014",
    url    = "http://www.nti.org/facilities/766/"
},
@MISC {npt,
    author       = "United Nations Office for Disarmament Affairs",
    title        = "Treaty on the Non-Proliferation of Nuclear Weapons",
    howpublished = "Opened for signature at London, Moscow and Washington: 1 July 1968. Entered into force: 5 March 1970",
    month        = "jul",
    year         = "1968",
    note         = "http://disarmament.un.org/treaties/t/npt"
},
@ARTICLE {snyder,
    author  = "Snyder, Scott",
    title   = "Lee Myung-bak's foreign policy: a 250-day assessment",
    journal = "Korean Journal of Defense Analysis",
    year    = "2009",
    volume  = "21",
    number  = "1",
    pages   = "85-102",
    month   = "mar"
},
@ARTICLE {panda,
    author  = "Panda, Ankit",
    title   = "US and North Korea: Talking About Talks",
    journal = "The Diplomat",
    year    = "2015",
    month   = "feb",
%    note    = "http://thediplomat.com/2015/02/us-and-north-korea-talking-about-talks/"
},
@MISC {agreed,
    title        = "Agreed Framework Between The United States of America And The Democratic People's Republic of Korea",
    howpublished = "signed in Geneva, 21 October 1994",
    month        = "oct",
    year         = "1994",
    note         = "https://www.armscontrol.org/documents/af"
},
@MISC {kerry,
    title        = "Kerry: A nuclear-armed North Korea is 'unacceptable'",
    howpublished = "Associated Press via CBS News",
    month        = "apr",
    year         = "2013",
    note         = "http://www.cbsnews.com/news/kerry-a-nuclear-armed-north-korea-is-unacceptable/"
},
@MISC {orfall,
    author       = "Orfall, Kevin,  Gaurav Kampani, and Michael Dutra",
    title        = "North Korea's Ballistic Missile Program",
    howpublished = "Online", %at http://cns.miis.edu/archive/country_north_korea/factsht.htm",
    year         = "1998"
},
@MISC {6pt,
    author       = "Liang, Xiaodong",
    title        = "The Six-Party Talks at a Glance",
    howpublished = "Online at https://www.armscontrol.org/factsheets/6partytalks",
    month        = "may",
    year         = "2012"
},
@MISC {js4,
    title        = "Joint Statement of the Fourth Round of the Six-Party Talks",
    howpublished = "Released by Chinese Ministry of Foreign Affairs",
    month        = "sep",
    year         = "2005",
%    note         = "http://www.nti.org/media/pdfs/3a_1.pdf?_=1316627913\&_=1316627913"
},
@MISC {js5,
    title        = "Initial Actions for the Implementation of the Joint Statement",
    howpublished = "Released by Chinese Ministry of Foreign Affairs",
    month        = "feb",
    year         = "2007",
%    note         = "http://www.nti.org/media/pdfs/Initial_Actions_for_the_Implementation_of_the_Joint_Statement.pdf?_=1322866091"
},
@MISC {js6,
    title        = "Second-Phase Actions for theImplementation of the Joint Statement",
    howpublished = "Released by Chinese Ministry of Foreign Affairs",
    month        = "oct",
    year         = "2007",
%    note         = "http://www.nti.org/media/pdfs/Second-Phase_Actions_for_theImplementation_of_the_Joint_Statement.pdf?

_=1323208444"
},
@ARTICLE {habib,
    author  = "Habib, Benjamin",
    title   = "North Korea's nuclear weapons programme and the maintenance of the Songun system",
    journal = "Pacific Review",
    year    = "2011",
    volume  = "24",
    number  = "1",
    pages   = "43-64",
    note    = "http://www.tandfonline.com/doi/abs/10.1080/09512748.2011.554992"
}
@INBOOK {jun,
    author    = "Jun, Bong-Geun",
    title     = "Assessment of the Nuclear Programs of Iran and North Korea",
    chapter   = "Cyclical Patterns of North Korean Nuclear Crises and Solutions: A South Korean Perspective",
    publisher = "Springer Netherlands",
    year      = "2013",
%    note      = "http://link.springer.com/chapter/10.1007/978-94-007-6019-6_4"
},
@MISC {blair,
    author       = "Dennis Blair",
    title        = "{State of the Union with Candy Crowley}",
    howpublished = "CNN Interview",
    month        = "December",
    year         = "2010",
    note         = "http://transcripts.cnn.com/TRANSCRIPTS/1012/12/sotu.01.html"
},
@MISC {cfr,
    title        = "Breaking the Cycle of North Korean Provocations",
    howpublished = "Hearing before the {US Senate Committee on Foreign Relations}",
    month        = "March",
    year         = "2011",
    note         = "http://www.gpo.gov/fdsys/pkg/CHRG-112shrg68240/pdf/CHRG-112shrg68240.pdf"
},
@MISC {fisher,
    author       = "Max Fisher",
    title        = "The five stages of {North Korean} provocation",
    howpublished = "Online",
    month        = "January",
    year         = "2013",
    note         = "https://www.washingtonpost.com/news/worldviews/wp/2013/01/24/the-five-stages-of-north-korean-provocation/"
},
@MISC {gause,
    author       = "Ken E. Gause",
    title        = "North {K}oreaâ€™s Provocation and Escalation Calculus: Dealing with the {K}im {J}ong-un Regime",
    howpublished = "CNA Occasional Paper",
    month        = "August",
    year         = "2015",
%    note         = "https://www.cna.org/CNA_files/PDF/COP-2015-U-011060.pdf"
}
