@ONLINE {davenport,
    author = "Davenport, Kelsey",
    title  = "Chronology of U.S.-North Korean Nuclear and Missile Diplomacy",
    month  = "may",
    year   = "2015",
%    url    = "http://www.armscontrol.org/factsheets/dprkchron"
},
@ONLINE {iaea09,
    author = "IAEA",
    title  = "Fact Sheet on DPRK Nuclear Safeguards",
    month  = "apr",
    year   = "2009",
%    url    = "https://www.iaea.org/newscenter/focus/dprk/fact-sheet-on-dprk-nuclear-safeguards"
},
@ONLINE {nti15,
    author = "NTI",
    title  = "Country Profiles: North Korea, Nuclear",
    month  = "oct",
    year   = "2015",
%    url    = "http://www.nti.org/country-profiles/north-korea/nuclear/"
},
@ONLINE {ntiYongbyon,
    author = "NTI",
    title  = "Yongbyon 5MWe Reactor",
    month  = "mar",
    year   = "2014",
%    url    = "http://www.nti.org/facilities/766/"
},
@MISC {npt,
    author       = "United Nations Office for Disarmament Affairs",
    title        = "Treaty on the Non-Proliferation of Nuclear Weapons",
    howpublished = "Opened for signature at London, Moscow and Washington: 1 July 1968. Entered into force: 5 March 1970",
    month        = "jul",
    year         = "1968",
%    note         = "http://disarmament.un.org/treaties/t/npt"
},
@ARTICLE {snyder,
    author  = "Snyder, Scott",
    title   = "Lee Myung-bak's foreign policy: a 250-day assessment",
    journal = "Korean Journal of Defense Analysis",
    year    = "2009",
    volume  = "21",
    number  = "1",
    pages   = "85-102",
    month   = "mar"
},
@ARTICLE {panda,
    author  = "Panda, Ankit",
    title   = "US and North Korea: Talking About Talks",
    journal = "The Diplomat",
    year    = "2015",
    month   = "feb",
%    note    = "http://thediplomat.com/2015/02/us-and-north-korea-talking-about-talks/"
},
@ARTICLE {pennington,
    author = "Pennington, Matthew",
    title = "Obama open to N. Korea talks",
    journal = "Boston Globe",
    year = "2015",
    month = "oct",
%   note = "https://www.bostonglobe.com/news/nation/2015/10/16/obama-north-korea-serious-denuclearization-talk/VguTS4xFURcEDAAKQxrKZN/story.html"
},
@MISC {agreed,
    title        = "Agreed Framework Between The United States of America And The Democratic People's Republic of Korea",
    howpublished = "signed in Geneva, 21 October 1994",
    month        = "oct",
    year         = "1994",
%    note         = "https://www.armscontrol.org/documents/af"
},
@MISC {kerry,
    title        = "Kerry: A nuclear-armed North Korea is 'unacceptable'",
    howpublished = "Associated Press via CBS News",
    month        = "apr",
    year         = "2013",
%    note         = "http://www.cbsnews.com/news/kerry-a-nuclear-armed-north-korea-is-unacceptable/"
},
@MISC {orfall,
    author       = "Orfall, Kevin,  Gaurav Kampani, and Michael Dutra",
    title        = "North Korea's Ballistic Missile Program",
    howpublished = "Online", % at http://cns.miis.edu/archive/country_north_korea/factsht.htm",
    year         = "1998"
},
@MISC {6pt,
    author       = "Liang, Xiaodong",
    title        = "The Six-Party Talks at a Glance",
    howpublished = "Online", %at https://www.armscontrol.org/factsheets/6partytalks",
    month        = "may",
    year         = "2012"
},
@MISC {js4,
    title        = "Joint Statement of the Fourth Round of the Six-Party Talks",
    howpublished = "Released by Chinese Ministry of Foreign Affairs",
    month        = "sep",
    year         = "2005",
%    note         = "http://www.nti.org/media/pdfs/3a_1.pdf?_=1316627913\&_=1316627913"
},
@MISC {js5,
    title        = "Initial Actions for the Implementation of the Joint Statement",
    howpublished = "Released by Chinese Ministry of Foreign Affairs",
    month        = "feb",
    year         = "2007",
%    note         = "http://www.nti.org/media/pdfs/Initial_Actions_for_the_Implementation_of_the_Joint_Statement.pdf?_=1322866091"
},
@MISC {js6,
    title        = "Second-Phase Actions for theImplementation of the Joint Statement",
    howpublished = "Released by Chinese Ministry of Foreign Affairs",
    month        = "oct",
    year         = "2007",
%    note         = "http://www.nti.org/media/pdfs/Second-Phase_Actions_for_theImplementation_of_the_Joint_Statement.pdf?_=1323208444"
},
@ARTICLE {habib,
    author  = "Habib, Benjamin",
    title   = "North Korea's nuclear weapons programme and the maintenance of the Songun system",
    journal = "Pacific Review",
    year    = "2011",
    volume  = "24",
    number  = "1",
    pages   = "43-64",
%    note    = "http://www.tandfonline.com/doi/abs/10.1080/09512748.2011.554992"
},
@INBOOK {jun,
    author    = "Jun, Bong-Geun",
    title     = "Assessment of the Nuclear Programs of Iran and North Korea",
    chapter   = "Cyclical Patterns of North Korean Nuclear Crises and Solutions: A South Korean Perspective",
    publisher = "Springer Netherlands",
    year      = "2013",
%    note      = "http://link.springer.com/chapter/10.1007/978-94-007-6019-6_4"
},
@MISC {kcna,
    author       = "{Korean Central News Agency}",
    title        = "Objective Assessment of Validity of {DPRK's} Access to Nuclear Weapons: {KCNA} Commentary",
    howpublished = "Online at www.kcna.kp",
    month        = "October",
    year         = "2015"
},
@MISC {kcna2,
    author       = "{Korean Central News Agency}",
    title        = "{DPRK} Foreign Ministry Spokesman Refutes Senior {U.S.} Diplomat's Remarks on Dialogue with {DPRK}",
    howpublished = "online at www.kcna.kp",
    month        = "February",
    year         = "2015"
},
@MISC {rumsfeld,
    author       = "{Commission To Assess the Ballistic Missile Threat  to the United States}",
    title        = "Executive Summary of the Report of the Commission To Assess the Ballistic Missile Threat  to the United States",
    howpublished = "Declassified report published online",
    month        = "jul",
    year         = "1998",
%    note         = "http://fas.org/irp/threat/missile/rumsfeld/toc.htm"
},
@MISC {parksk,
    author       = "Park, Geun-Hye",
    title        = "Statement by President Park Geun-Hye at the Third Nuclear Security Summit",
    howpublished = "Speech at Third Nuclear Security Summit, the Hague",
    month        = "mar",
    year         = "2014",
%    note         = "http://www.korea.net/Government/Briefing-Room/Presidential-Speeches/view?articleId=118516"
}

@BOOK {kedohist,
    author    = "Kartman, Charles; Robert Carlin; Joel Wit",
    title     = "A History of KEDO 1994-2006",
    publisher = "Stanford University Center for International Security and Cooperation",
    year      = "2012",
    month     = "jun",
%    note      = "http://cisac.fsi.stanford.edu/sites/default/files/A_History_of_KEDO-1.pdf"
}
@MISC {unApr12,
    author       = "{United Nations Security Council}",
    title        = "Security Council Condemns Democratic People’s Republic of Korea’s Satellite Launch as Breach of Resolutions Barring Country’s Use of Ballistic Missile Technology",
    howpublished = "Security Council meeting coverage published on {UN} website",
    month        = "apr",
    year         = "2012",
    note         = "http://www.un.org/press/en/2012/sc10610.doc.htm"
},
@ARTICLE {38north,
    author  = "Wit, Joel S. and Sun Young Ahn",
    title   = "North Korea’s Nuclear Futures: Technology and Strategy",
    journal = "North Korea's Nuclear Future Series, US-Korea Institute at SAIS",
    year    = "2015",
    note    = "http://38north.org/wp-content/uploads/2015/02/NKNF-NK-Nuclear-Futures-Wit-0215.pdf"
},
@ARTICLE {usatoday,
    author  = "MacLeod, Calum",
    title   = "North Korea expands nuclear arsenal, Chinese experts say",
    journal = "USA Today",
    year    = "2015",
    month   = "apr",
    note    = "http://www.usatoday.com/story/news/2015/04/23/north-korea-nuclear-weapons-increased-estimate/26226981/"
},
@ARTICLE {pincus,
    author  = "Walter Pincus",
    title   = "N. {Korean} Nuclear Conflict Has Deep Roots",
    journal = "The Washington Post",
    year    = "2006",
    month   = "October",
%    note    = "http://www.washingtonpost.com/wp-dyn/content/article/2006/10/14/AR2006101401068.html"
},
@ONLINE {bajoria,
    author = "Jayshree Bajoria and Beina Xu",
    title  = "The Six Party Talks on {North Korea's} Nuclear Program",
    month  = "September",
    year   = "2013",
%    url    = "http://www.cfr.org/proliferation/six-party-talks-north-koreas-nuclear-program/p13593"
},
@MISC {hecker,
    author       = "Siegfried S. Hecker",
    title        = "A Return Trip to {North Korea’s Yongbyon} Nuclear Complex",
    howpublished = "Online, for the Center for International Security and Cooperation at Stanford University",
    month        = "November",
    year         = "2010",
%    note         = "http://iis-db.stanford.edu/pubs/23035/HeckerYongbyon.pdf"
},
@ARTICLE {lee,
    author  = "Lee Haye-ah",
    title   = "{N. Korea can't have both peace treaty, nuclear weapons: ex-U.S. nuclear envoy}",
    journal = "Yonhap News Agency",
    year    = "2015",
    month   = "October",
%    note    = "http://english.yonhapnews.co.kr/national/2015/10/22/0301000000AEN20151022007700315.html"
},
@MISC {blair,
    author       = "Dennis Blair",
    title        = "{State of the Union with Candy Crowley}",
    howpublished = "CNN Interview",
    month        = "December",
    year         = "2010",
%    note         = "http://transcripts.cnn.com/TRANSCRIPTS/1012/12/sotu.01.html"
},
@MISC {cfr,
    title        = "Breaking the Cycle of North Korean Provocations",
    howpublished = "Hearing before the {US Senate Committee on Foreign Relations}",
    month        = "March",
    year         = "2011",
%    note         = "http://www.gpo.gov/fdsys/pkg/CHRG-112shrg68240/pdf/CHRG-112shrg68240.pdf"
},
@MISC {fisher,
    author       = "Max Fisher",
    title        = "The five stages of {North Korean} provocation",
    howpublished = "Online",
    month        = "January",
    year         = "2013",
%    note         = "https://www.washingtonpost.com/news/worldviews/wp/2013/01/24/the-five-stages-of-north-korean-provocation/"
},
@MISC {gause,
    author       = "Ken E. Gause",
    title        = "North {K}orea’s Provocation and Escalation Calculus: Dealing with the {K}im {J}ong-un Regime",
    howpublished = "CNA Occasional Paper",
    month        = "August",
    year         = "2015",
%    note         = "https://www.cna.org/CNA_files/PDF/COP-2015-U-011060.pdf"
},
@ARTICLE {rich12,
    author  = "Rich, Timothy S.",
    title   = "Deciphering North Korea's Nuclear Rhetoric: An Automated Content Analysis of KCNA News",
    journal = "Asian Affairs: An American Review",
    year    = "2012",
    volume  = "39",
    number  = "2",
    pages   = "73-89",
    month   = "may",
%    note    = "http://dx.doi.org/10.1080/00927678.2012.678128"
},
@ARTICLE {rich14,
    author  = "Rich, Timothy",
    title   = "Propaganda with purpose: uncovering patterns in North Korean Nuclear Coverage, 1997–2012",
    journal = "International Relations of the Asia-Pacific",
    year    = "2014",
    volume  = "14",
    number  = "3",
    pages   = "427-454",
    month   = "aug",
%    note    = "http://irap.oxfordjournals.org.libproxy.mit.edu/content/early/2014/08/01/irap.lcu011.full.pdf+html"
},